% this is the bibliography file

@Misc{k8s,
  author = {Kubernetes},
  title = {Website},
  howpublished = {\url{https://kubernetes.io/}},
  annote = {\url{https://kubernetes.io/}}
}

@Misc{vm-safer,
  author = {F. Manco, C. Lupu},
  title = {My VM is Lighter (and Safer) than your Container},
  howpublished = {SOSP, \url{http://cnp.neclab.eu/projects/lightvm/lightvm.pdf}},
  month = {October},
  year = {2017},
  annote = {\url{http://cnp.neclab.eu/projects/lightvm/lightvm.pdf}}
}

@Misc{unikraft,
  author = {Unikraft},
  title = {Website},
  howpublished = {\url{https://unikraft.org/}},
  annote = {\url{https://unikraft.org/}}
}

@Misc{vm-vs-unikernel,
  author = {N. Jois},
  title = {Understanding Unikernels},
  howpublished = {\url{https://nithinjois.com/understanding-unikernels/}},
  annote = {\url{https://nithinjois.com/understanding-unikernels/}}
}
