% this is the bibliography file

@Misc{art-of-xen,
  author = {P. Barham, B. Dragovic},
  title = {Xen and the Art of Virtualization},
  howpublished = {\url{https://www.cl.cam.ac.uk/research/srg/netos/papers/2003-xensosp.pdf}},
  month = {January},
  year = {2003},
  annote = {\url{https://www.cl.cam.ac.uk/research/srg/netos/papers/2003-xensosp.pdf}}
}

@Misc{unikernels-vs-vms,
  author = {N. Jois},
  title = {Understanding Unikernels},
  howpublished = {\url{https://nithinjois.com/understanding-unikernels/}},
  annote = {\url{https://nithinjois.com/understanding-unikernels/}}
}

@Misc{linux-stubdomain,
  author = {A. Perard},
  title = {Linux Stubdomain},
  howpublished = {\url{https://xenproject.org/blog/linux-stub-domain/}},
  annote = {\url{https://xenproject.org/blog/linux-stub-domain/}}
}

@Misc{qubes-os-architecture,
  author = {Qubes OS},
  title = {Qubes OS architecture},
  howpublished = {\url{https://www.qubes-os.org/intro/}},
  annote = {\url{https://www.qubes-os.org/intro/}}
}

@Misc{unikraft-build-process,
  author = {Unikraft},
  title = {Unikraft build process},
  howpublished = {\url{https://unikraft.org/docs/internals/build-process}},
  annote = {\url{https://unikraft.org/docs/internals/build-process}}
}
