% this is the bibliography file

@Misc{k8s,
  author = {Kubernetes},
  title = {Website},
  howpublished = {\url{https://kubernetes.io/}},
  annote = {\url{https://kubernetes.io/}}
}

@Misc{vm-safer,
  author = {F. Manco, C. Lupu},
  title = {My VM is Lighter (and Safer) than your Container},
  howpublished = {SOSP, \url{http://cnp.neclab.eu/projects/lightvm/lightvm.pdf}},
  month = {October},
  year = {2017},
  annote = {\url{http://cnp.neclab.eu/projects/lightvm/lightvm.pdf}}
}

@Misc{unikraft,
  author = {Unikraft},
  title = {Website},
  howpublished = {\url{https://unikraft.org/}},
  annote = {\url{https://unikraft.org/}}
}

@Misc{app-elfloader,
  author = {Unikraft},
  title = {Unikraft ELF Loader Website},
  howpublished = {\url{https://github.com/unikraft/app-elfloader}},
  annote = {\url{https://github.com/unikraft/app-elfloader}}
}

@Misc{vm-vs-unikernel,
  author = {N. Jois},
  title = {Understanding Unikernels},
  howpublished = {\url{https://nithinjois.com/understanding-unikernels/}},
  annote = {\url{https://nithinjois.com/understanding-unikernels/}}
}

@Misc{art-of-xen,
  author = {P. Barham, B. Dragovic},
  title = {Xen and the Art of Virtualization},
  howpublished = {\url{https://www.cl.cam.ac.uk/research/srg/netos/papers/2003-xensosp.pdf}},
  month = {January},
  year = {2003},
  annote = {\url{https://www.cl.cam.ac.uk/research/srg/netos/papers/2003-xensosp.pdf}}
}

@Misc{xen-virtualization-types,
  author = {XenProject},
  title = {Understanding the Virtualization Spectrum},
  howpublished = {\url{https://wiki.xenproject.org/wiki/Understanding_the_Virtualization_Spectrum}},
  annote = {\url{https://wiki.xenproject.org/wiki/Understanding_the_Virtualization_Spectrum}}
}

@Misc{model-device-stubdom,
  author = {A. Perard},
  title = {Linux Stubdomain},
  howpublished = {\url{https://xenproject.org/blog/linux-stub-domain/}},
  annote = {\url{https://xenproject.org/blog/linux-stub-domain/}}
}

@Misc{unikraft-xen,
  author = {Unikraft},
  title = {Xen Website},
  howpublished = {\url{https://xenproject.org/projects/unikraft/}},
  annote = {\url{https://xenproject.org/projects/unikraft/}}
}

@Misc{qubes-os,
  author = {Qubes OS},
  title = {Website},
  howpublished = {\url{https://www.qubes-os.org/}},
  annote = {\url{https://www.qubes-os.org/}}
}

@Misc{qubes-os-architecture,
  author = {Qubes OS},
  title = {Qubes OS architecture},
  howpublished = {\url{https://www.qubes-os.org/intro/}},
  annote = {\url{https://www.qubes-os.org/intro/}}
}

@Misc{qubes-os-linux-stubdom,
  author = {Qubes OS},
  title = {Linux Stubdomain Website},
  howpublished = {\url{https://github.com/qubesos/qubes-vmm-xen-stubdom-linux}},
  annote = {\url{https://github.com/qubesos/qubes-vmm-xen-stubdom-linux}}
}

@Misc{qemu,
  author = {QEMU},
  title = {Website},
  howpublished = {\url{https://www.qemu.org/}},
  annote = {\url{https://www.qemu.org/}}
}

@Misc{lib-qemu,
  author = {Unikraft},
  title = {lib-qemu website},
  howpublished = {\url{https://github.com/mariasfiraiala/lib-qemu}},
  annote = {\url{https://github.com/mariasfiraiala/lib-qemu}}
}

@Misc{minios,
  author = {MiniOS},
  title = {Website},
  howpublished = {\url{https://minios.dev/}},
  annote = {\url{https://minios.dev/}}
}

@Misc{xen-tpm-stubdom,
  author = {XenProject},
  title = {Xen virtual TPM stubdomain},
  howpublished = {\url{https://xenbits.xen.org/docs/unstable/man/xen-vtpmmgr.7.html}},
  annote = {\url{https://xenbits.xen.org/docs/unstable/man/xen-vtpmmgr.7.html}}
}

@Misc{xenstored-stubdom,
  author = {XenProject},
  title = {Xenstored Documentation},
  howpublished = {\url{https://xenbits.xenproject.org/gitweb/?p=xen.git;a=blob;f=docs/misc/xenstore.txt;h=4eccbc2f7f2fe46e967413c7da7e825a99f18702;hb=refs/heads/staging}},
  annote = {\url{https://xenbits.xenproject.org/gitweb/?p=xen.git;a=blob;f=docs/misc/xenstore.txt;h=4eccbc2f7f2fe46e967413c7da7e825a99f18702;hb=refs/heads/staging}}
}

@Misc{xen-stubdomain,
  author = {XenProject},
  title = {Device Model Stub Domains},
  howpublished = {\url{https://xenbits.xen.org/docs/unstable/man/xen-vtpmmgr.7.html}},
  annote = {\url{https://xenbits.xen.org/docs/unstable/man/xen-vtpmmgr.7.html}}
}

@Misc{autoconf,
  author = {I. Free Software Foundation},
  title = {Autoconf},
  howpublished = {\url{https://www.gnu.org/software/autoconf/}},
  annote = {\url{https://www.gnu.org/software/autoconf/}}
}

@Misc{kconfig,
  author = {T. L. K. D. Community},
  title = {The kconfig build language},
  howpublished = {\url{https://www.kernel.org/doc/html/latest/kbuild/kconfig-language.html}},
  annote = {\url{https://www.kernel.org/doc/html/latest/kbuild/kconfig-language.html}}
}

@Misc{glib,
  author = {The GTK Project},
  title = {GLib – 2.0},
  howpublished = {\url{https://docs.gtk.org/glib/}},
  annote = {\url{https://docs.gtk.org/glib/}}
}

@Misc{gmodule,
  author = {The GTK Project},
  title = {GModule – 2.0},
  howpublished = {\url{https://docs.gtk.org/gmodule/}},
  annote = {\url{https://docs.gtk.org/gmodule/}}
}

@Misc{pcre2,
  author = {Philip Hazel},
  title = {PCRE - Perl Compatible Regular Expressions},
  howpublished = {\url{https://www.pcre.org/}},
  annote = {\url{https://www.pcre.org/}}
}

@Misc{xen-tools,
  author = {XenProject},
  title = {Xen toolstack library API/ABIs},
  howpublished = {\url{https://xenbits.xen.org/people/liuw/libxenctrl-split/vwip.html}},
  annote = {\url{https://xenbits.xen.org/people/liuw/libxenctrl-split/vwip.html}}
}

@Misc{xen-source-tree,
  author = {XenProject},
  title = {Xen source tree},
  howpublished = {\url{https://xenbits.xen.org/gitweb/?p=xen.git;a=tree}},
  annote = {\url{https://xenbits.xen.org/gitweb/?p=xen.git;a=tree}}
}
